@book{ChatterjeeSTATS310,
  title     = {STATS 310 (MATH 230) Lecture notes (ongoing,to be updated)},
  author    = {Sourav Chatterjee},
  url       = {https://souravchatterjee.su.domains//stats310notes.pdf},
}
@book{PbbTemplate,
  author          = {Pingbang Hu},
  title           = {Academic-Template},
  url          = {https://github.com/sleepymalc/Academic-Template.git},
  
}
